@article {MajuMandPRE,
author = {Majumder MS and Mandl KD},
year = {2020},
title = {{ Early in the Epidemic: Impact of Preprints on Global Discourse of 2019-nCOV Transmissibility.}},
journal = {SSRN preprint},
volume = {Abstract ID},
pmid = {30389192}}

